% Encoding: UTF-8

@PhdThesis{Wiesner2015,
  author   = {Wiesner, Tobias},
  school   = {Technische Universität München},
  title    = {Flexible Aggregation-based Algebraic Multigrid Methods for Contact and Flow Problems},
  year     = {2015},
  address  = {München},
  type     = {Dissertation},
  keywords = {Multigrid, AMG, Linear solver, Contact problems, Flow problems},
  url      = {http://mediatum.ub.tum.de/?id=1229321},
}

@Comment{jabref-meta: databaseType:bibtex;}
